A2102607              PJ    MODELO        104CAIXA ECON. FEDERAL 2021011200069903                                                                     
G2215006000001175    2021011120210113816800000014506260720210121202010000000096890000000145060001200000000012448    1                       1         
G2215006000001175    2021011120210113816300000048730260720210115202010000000097020000000487300001200000000022448    1                       1         
G2215006000001175    2021011120210113816800000065100260720210126202110000000000070000000651000000150000000032382    3                       1         
G2215006000001175    2021011120210113816700000060760260720210126202110000000000040000000607600000150000000042215    3                       1         
G2215006000001175    2021011120210113816600000542500260720210126202110000000000050000005425000000150000000052215    3                       1         
G2215006000001175    2021011120210114816700000068422260720210121202010000001183760000000684220000280000000060564    4                       1         
G2215006000001175    2021011120210114816700000013020260720210118000000210001183770000000130200000280000000072215    4                       1         
Z00000900000000000813038                                                                                                                              
